@article{marchand_et_al_2007,
    author = "Roger T. Marchand and Thomas P. Ackerman and Catherine Moroney",
    title = "An assessment of {M}ultiangle {I}maging {S}pectroradiometer 
            ({MISR}) 
            stereo-derived cloud top heights and cloud top winds using 
            ground-based radar, lidar, and microwave radiometers",
    journal = "J. Geophys. Res.",
    year = "2007",
    volume = "112",
    number = "D6",
    doi = "10.1029/2006JD007091"
}

@article{marchand_et_al_2009,
     author = "Roger Marchand and John Haynes and Gerald G. Mace
            and Thomas Ackerman",
     title = "A comparison of simulated radar output from the multiscale
            modeling framework global climate model with {C}loud{S}at cloud
            radar observations",
     journal = "J. Geophys. Res.",
     year = "2009",
     volume = "114",
     doi = "10.1029/2008JD009790"
}

@article{marchand_and_ackerman_2010,
    author = "Roger Marchand and Thomas Ackerman",
    title = "An analysis of cloud cover in multiscale modeling framework
            global climate model simulations 
            using 4 and 1 km horizontal grids",
    journal = "J. Geophys. Res.",
    year = "2010",
    volume = "115",
    doi = "10.1029/2009JD013423"
}

@article{marchand_et_al_2010,
    author = "Roger Marchand and Thomas Ackerman 
            and Mike Smyth and William B. Rossow",
    title = "A review of cloud top height and optical depth histograms
            from {MISR}, {ISCCP} and {MODIS}",
    journal = "J. Geophys. Res.",
    year = "2010",
    volume = "115",
    doi = "10.1029/2009JD013422"
}

@article{soden_and_held_2006,
    author = "Soden, Brian J. and Held, Isaac M.",
    title = "An Assessment of Climate Feedbacks 
             in Coupled Ocean-Atmosphere Models",
    year = "2006",
    journal = "J. Climate",
    volume = "19",
    number = "14",
    pages = "3354--3360",
    doi = "10.1175/JCLI3799.1"
}

@article{cess_and_potter_1988,
    author = "Cess, Robert D. and Potter, Gerald L.",
    title = "A Methodology for Understanding and Intercomparing 
             Atmospheric Climate Feedback Processes 
             in General Circulation Models",
    year = "1988",
    journal = "J. Geophys. Res.",
    volume = "93",
    number = "D7",
    doi = "10.1029/JD093iD07p08305"
    pages = "8305--8314"
}

@article{spelman_and_manabe_1984,
    author = "Spelman, M. J. and Manabe, S.",
    title = "Influence of Oceanic Heat Transport 
             Upon the Sensitivity of a Model Climate",
    year = "1984",
    journal = "J. Geophys. Res.",
    volume = "89",
    number = "C1",
    doi = "10.1029/JC089iC01p00571"
    pages = "571--586"
}

@article{washington_and_meehl_1984,
    author = "Washington, Warren M. and Meehl, Gerald A.",
    title = "Seasonal Cycle Experiment on the Climate Sensitivity 
             Due to a Doubling of $\text{CO}_2$ 
             With an Atmosphere General Circulation Model 
             Coupled to a Simple Mixed-Layer Ocean Model",
    year = "1984",
    journal = "J. Geophys. Res.",
    volume = "89",
    number = "D6",
    doi = "10.1029/JD089iD06p09475",
    pages = "9475--9503"
}

@article{cess_et_al_1990,
     author = "Cess, R. D. and Potter, G. L. and Blanchet, J. P. 
            and Boer, G. J. and Del Genio, A. D. and D{\'{e}}qu{\'{e}}, M.
            and Dymnikov, V. and Galin, V. and Gates, W. L. and Ghan, S. J.
            and Kiehl, J. T. and Lacis, A. A. and Le Treut, H. and Li, Z.-X.
            and Liang, X.-Z. and McAvaney, B. J. and Meleshko, V. P.
            and Mitchell, J. F. B. and Morcrette, J.-J. and Randall, D. A.
            and Rikus, L. and Roeckner, E. and Royer, J. F. and Schlese, U.
            and Sheinin, D. A. and Slingo, A. and Sokolov, A. P. 
            and Taylor, K. E.
            and Washington, W. M. and Wetherald, R. T. and Yagai, I. 
            and Zhang, M.-H.",
    title = "Intercomparison and Interpretation of Climate Feedback Processes
            in 19 Atmospheric General Circulation Models",
    year = "1990",
    journal = "J. Geophys. Res.",
    volume = "95",
    number = "D10",
    doi = "10.1029/JD095iD10p16601",
    pages = "16601--16615"
}

@incollection{ar4_summary_for_policymakers,
    author = "S. Solomon and D. Qin and M. Manning and Z. Chen and M. Marquis 
              and K. B. Averyt and M. Tignor and H. L. Miller",
    title = "Summary for Policymakers",
    booktitle = "In: Climate Change 2007: The Physical Science Basis. 
              Contribution of {W}orking {G}roup {I} to the 
              {F}ourth {A}ssessment {R}eport of the {I}ntergovernmental 
              {P}anel on {C}limate {C}hange",
    publisher = "Cambridge University Press",
    address = "Cambridge, United Kingdom and New York, NY, USA",
    year = "2007"
}

@incollection{ar4_ch8,
    author  = "Randall, David A. 
               and Wood, Richard A. 
               and Bony, Sandrine 
               and Colman, Robert 
               and Fichefet, Thierry
               and Fyfe, John
               and Kattsov, Vladimir
               and Pitman, Andrew
               and Shukla, Jagadish
               and Srinivasan, Jayaraman
               and Stouffer, Ronald J.
               and Sumi, Akimasa
               and Taylor, Karl E.",
    title   = "Climate Models and Their Evaluation",
    booktitle = "In: Climate Change 2007: The Physical Science Basis.
                 Contribution of Working Group I to the Forth Assessment
                 Report of the Intergovernmental Panel on Climate Change",
    editor  = "Solomon, S. and Qin, D. and Manning, M. and Chen, Z.
               and Marquis, M. and Averyt, K. B. and Tignor, M.
               and Miller, H. L.",
    publisher = "Cambridge University Press",
    address = "Cambridge, United Kingdom and New York, NY, USA",
    year = "2007"
}

@unpublished{cfmip_2007,
    author = "Mark Webb and Sandrine Bony 
              and George Tselioudis and Chris Bretherton",
    title = "The {C}loud {F}eedback {M}odel {I}nter-comparison {P}roject
             Plans for {CFMIP}-2",
    month = "August",
    year = "2007"
}

@unpublished{cfmip_2009,
    author = "Sandrine Bony and Mark Webb and Bjorn Stevens and Chris Bretherton
              and Steve Klein and George Tselioudis",
    title = "The {C}loud {F}eedback {M}odel {I}ntercomparison {P}roject:
             Summary of Activities and Recommendations for Advancing Assessments
             of Cloud-Climate Feedbacks",
    month = "August",
    year = "2009"
}

@article{bodas_et_al_2008,
    author = "A. Bodas-Salcedo and M. J. Webb and M. E. Brooks 
             and M. A. Ringer and K. D. Williams and S. F. Milton
             and D. R. Wilson",
    title = "Evaluating cloud systems in the {M}et {O}ffice global forcast model
             using simulated {C}loud{S}at radar reflectivities",
    journal = "J. Geophys. Res.",
    volume = "113",
    doi = "10.1029/2007JD009620",
    year = "2008"
}

@article{bodas-salcedo_et_al_2011,
    author = "A. Bodas-Salcedo and M. J. Webb and S. Bony and H. Chepfer
              and J.-L. Dufresne and S. A. Klein and Y. Zhang
              and R. Marchand and J. M. Haynes and R. Pincus and V. O. John",
    title = "{COSP}: Satellite simulation software for model assessment",
    journal = "Bull. Amer. Meteor. Soc.",
    month = "August",
    volume = "92",
    number = "8",
    doi = "10.1175/2011BAMS2856.1",
    year = "2011"
}

@article{klein_and_jakob_1999,
    author = "Klein, Stephen A. and Jakob, Christian",
    title = "Validation and Sensitivities of Frontal Clouds Simulated by the {ECMWF} Model",
    journal = "Monthly Weather Review",
    volume = "127",
    number = "10",
    year = "1999",
    doi = "10.1175/1520-0493(1999)127$<$2514:VASOFC$>$2.0.CO;2",
    pages = "2514--2531"
}

@article{haynes_and_stephens_2007,
    author = "John M. Haynes and Graeme L. Stephens",
    title = "Tropical oceanic cloudiness and the incidence of precipitation:
             Early results from {C}loud{S}at",
    journal = "Geophys. Res. Lett.",
    volume = "34",
    number = "9",
    doi = "10.1029/2007GL029335",
    year = "2007"
}

@techreport{cam3_description,
    author = "William D. Collins and Philip J. Rasch and Byron A. Boville
              and James J. Hack and James R. McCaa and David L. Williamson
              and Jeffrey T. Kiehl and Bruce Briegleb and Cecilia Bitz
              and Shian-Jiann Lin and Minghua Zhang and Yongjiu Dai",
    title = "Description of the {NCAR} {C}ommunity {A}tmosphere {M}odel ({CAM} 3.0)",
    year = "2004",
    institution = "NCAR",
    number = "TN-464+STR",
    type = "NCAR Technical Note"
}

@techreport{cam4_description,
    author = "Richard B. Neale and Jadwiga H. Richter and 
              Andrew J. Conley and Sungsu Park and Peter H. Lauritzen and
              Andrew Gettelman and David L. Williamson and 
              Philip J. Rasch and Stephen J. Vavrus and Mark A. Taylor and
              William D. Collins and Minghua Zhang and Shian-Jiann Lin",
    title = "Description of the {NCAR} {C}ommunity {A}tmosphere {M}odel ({CAM} 4.0)",
    year = "2010",
    institution = "NCAR",
    number = "{TN-485+STR}",
    type = "NCAR Technical Note"
}

@techreport{cam5_description,
    author = "Richard B. Neale and Andrew Gettelman
              and Sungsu Park and Chih-Chieh Chen 
              and Peter H. Lauritzen and David L. Williamson
              and Andrew J. Conley and Doug Kinnison and Dan Marsh
              and Anne K. Smith and Francis Vitt and Rolando Garcia
              and Jean-Francois Lamarque and Mike Mill and Simone Tilmes
              and Hugh Morrison and Philip Cameron-Smith
              and William D. Collins and Michael J. Iacono
              and Richard C. Easter and Xiaohong Liu
              and Steven J. Ghan and Philip J. Rasch and Mark A. Taylor",
    title = "Description of the {NCAR} {C}ommunity {A}tmosphere {M}odel ({CAM} 5.0)",
    year = "2010",
    institution = "NCAR",
    number = "{TN-486+STR}",
    type = "NCAR Technical Note"
}


@article{zhang_and_mcfarlane_1995,
    author = "G. J. Zhang and Norman A. McFarlane",
    title = "Sensitivity of Climate Simulations 
             to the Parameterization of Cumulus Convection 
             in the {Canadian Climate Centre} General Circulation Model",
    year = "1995",
    journal = "Atmosphere--Ocean",
    volume = "33",
    number = "3",
    pages = "407--446"
}

@article{klein_and_hartmann_1993,
    author = "Stephen A. Klein and Dennis L. Hartmann",
    title = "The Seasonal Cycle of Low Stratiform Clouds",
    year = "1993",
    journal = "J. Climate",
    volume = "6",
    number = "8",
    doi = "10.1175/1520-0442(1993)006$<$1587:TSCOLS$>$2.0.CO;2",
    pages = "1587--1606"
}

@article{xu_krueger_1991,
    author = "Kuan-Man Xu and Steven K. Krueger",
    title = "Evaluation of Cloudiness Parameterizations 
             Using a Cumulus Ensemble Model",
    year = "1991",
    journal = "Monthly Weather Review",
    volume = "119",
    number = "2",
    doi = "10.1175/1520-0493(1991)119$<$0342:EOCPUA$>$2.0.CO;2",
    pages = "324--367"
}

@article{am2_evaluation,
    author = "Jeffrey L. Anderson and V. Balaji and Anthony J. Broccoli
              and William F. Cooke and Thomas L. Delworth and Keith W. Dixon
              and Leo J. Donner and Krista A. Dunne and Stuart M. Freidenreich
              and Stephen T. Garner and Richard G. Gudgel and C. T. Gordon
              and Isaac M. Held and Richard S. Hemler and Larry W. Horowitz
              and Stephen A. Klein and Thomas R. Knutson and Paul J. Kushner
              and Amy R. Langenhost and Ngar-Cheung Lau and Sergey L. Malyshev
              and P. C. D. Milly and Mary J. Nath and Jeffrey J. Ploshay
              and V. Ramaswamy and M. Daniel Schwarzkopf and Elena Shevliakova
              and Joseph J. Sirutis and Brian J. Soden and William F. Stern
              and Lori A. Thompson and R. John Wilson and Andrew T. Wittenberg
              and Bruce L. Wyman",
    title = "The New {GFDL} Global Atmosphere and Land Model {AM2-LM2}: 
             Evaluation with Prescribed {SST} Simulations",
    journal = "J. Climate",
    year = "2004",
    volume = "17",
    number = "24",
    pages = "4641--4673"
}

@article{tiedtke_1993,
    author = "M. Tiedtke",
    title = "Representation of Clouds in Large-Scale Models",
    journal = "Monthly Weather Review",
    year = "1993",
    volume = "121",
    number = "11",
    doi = "10.1175/1520-0493(1993)121$<$3040:ROCILS$>$2.0.CO;2",
    pages = "3040--3061"
}

@article{rotstayn_et_al_2000,
    author = "Leon D. Rotstayn and Brian F. Ryan and Jack J. Katzfey",
    title = "A Scheme for Calculation of the Liquid Fraction in Mixed-Phase 
            Stratiform Clouds in Large-Scale Models",
    journal = "Monthly Weather Review",
    year = "2000",
    volume = "128",
    number = "4",
    doi = "10.1175/1520-0493(2000)128$<$1070:ASFCOT$>$2.0.CO;2",
    pages = "1070--1088"
}

@article{rotstayn_1997,
    author = "Leon D. Rotstayn",
    title = "A physically based scheme for the treatment of stratiform clouds
            and precipitation in large-scale models. {I}: Description and 
            evaluation of the microphysical processes",
    journal = "Q. J. R. Meteorol. Soc.",
    year = "1997",
    volume = "123",
    number = "541",
    doi = "10.1002/qj.49712354106",
    pages = "1227--1282"
}

@article{gettelman_et_al_2011,
    author = "A. Gettelman and J. E. Kay and K. M. Shell",
    title = "The evolution of climate feedbacks in the 
            {C}ommunity {A}tmosphere {M}odel",
    journal = "J.Climate",
    year = "2011",
    note = "Under review"
}

@article{kay_et_al_2012,
    author = "J. E. Kay and B. R. Hillman and S. A. Klein 
              and Y. Zhang and B. Medeiros and R. Pincus and A. Gettelman
              and B. Eaton and J. Boyle and R. Marchand and T. P. Ackerman",
    title = "Exposing global cloud biases in the {C}ommunity {A}tmosphere 
             {M}odel ({CAM}) using satellite observations and their
             corresponding instrument simulators", 
    journal = "J. Climate",
    year = "2012",
    note = "Accepted"
}

@mastersthesis{hillman_2012,
    author = "B. R. Hillman",
    title = "Evaluating clouds in global climate models using instrument simulators",
    journal = "University of Washington",
    year = "2012",
    note = "Submitted"
}

@article{webb_et_al_2006,
    author = "M. J. Webb and C. A. Senior and D. M. H. Sexton and
              W. J. Ingram and K. D. Williams and M. A. Ringer and
              B. J. McAvaney and R. Colman and B. J. Soden and
              R. Gudgel and T. Knutson and S. Emori and T. Ogura and
              Y. Tsushima and N. Andronova and B. Li and I. Musat and
              S. Bony and K. E. Taylor",
    title = "On the contribution of local feedback mechanisms
             to the range of climate sensitivity in two {GCM} ensembles",
    journal = "Clim. Dyn.",
    year = "2006",
    volume = "27",
    number = "1",
    doi = "10.1007/s00382-006-0111-2",
    pages = "17--38"
} 

@article{colman_2003,
    author = "R. Colman",
    title = "A comparison of climate feedbacks in general circulation models",
    journal = "Clim. Dyn.",
    year = "2003",
    volume = "20",
    number = "7--8",
    doi = "10.1007/s00382-003-0310-z",
    pages = "865--873"
}

@article{soden_et_al_2008,
    author = "Brian J. Soden and Isaac M. Held and Robert Colman and 
              Karen M. Shell and Jeffrey T. Kiehl and Christine A. Shields",
    title = "Quantifying Climate Feedbacks Using Radiative Kernels",
    journal = "J. Climate",
    year = "2008",
    volume = "21",
    number = "14",
    doi = "10.1175/2007JCLI2110.1",
    pages = "3504--3520"
}

@article{shell_et_al_2008,
    author = "Karen M. Shell and Jeffrey T. Kiehl and Christine A. Shields",
    title = "Using the Radiative Kernel Technique 
             to Calculate Climate Feedbacks 
             in {NCAR}'s {Community Atmosphere Model}",
    journal = "J. Climate",
    year = "2008",
    volume = "21",
    number = "10",
    doi = "10.1175/2007JCLI2044.1",
    pages = "2269--2282"
}

@article{williams_and_webb_2009,
    author = "K. D. Williams and M. J. Webb",
    title = "A quantitative performance assessment 
             of cloud regimes in climate models",
    journal = "Clim. Dyn.",
    year = "2009",
    volume = "33",
    number = "1",
    doi = "10.1007/s00382-008-0443-1",
    pages = "141--157"
}

@article{stephens_2005,
    author = "Graeme L. Stephens",
    title = "Cloud Feedbacks in the Climate System: A Critical Review",
    journal = "J. Climate",
    year = "2005",
    volume = "18",
    number = "2",
    doi = "10.1175/JCLI-3243.1",
    pages = "237--273"
}

@article{stephens_et_al_2010,
    author = "Graeme L. Stephens and Tristan L'Ecuyer and Richard Forbes
              and Andrew Gettelman and Jean-Christophe Golaz
              and Alejandro Bodas-Salcedo and Kentaroh Suzuki
              and Philip Gabriel and John Haynes",
    title = "Dreary state of precipitation in global models",
    journal = "J. Geophys. Res.",
    year = "2010",
    volume = "115",
    doi = "10.1029/2010JD014532"
}

@article{haynes_et_al_2007,
    author = "J. M. Haynes and R. T. Marchand and Z. Luo and A. Bodas-Salcedo
              and G. L. Stephens",
    title = "A multipurpose radar simulation package: Quickbeam",
    journal = "Bull. Amer. Meteor. Soc.",
    volume = "88",
    number = "11",
    doi = "10.1175/BAMS-88-11-1723",
    year = "2007",
    pages = "1723--1727"
}

@article{chepfer_et_al_2008,
    author = "H. Chepfer and S. Bony and D. Winker and M. Chiriaco
              and J.-L. Dufresne and G. S{\`{e}}ze",
    title = "Use of {CALIPSO} lidar observations to evaluate the cloudiness
             simulated by a climate model",
    journal = "Geophys. Res. Lett.",
    volume = "35",
    number = "15",
    doi = "10.1029/2008GL034207",
    year = "2008"
}

@article{rossow_and_schiffer_1999,
    author = "W. B. Rossow and R. A. Schiffer",
    title = "Advances in understanding clouds from {ISCCP}",
    journal = "Bull. Amer. Meteor. Soc.",
    volume = "80",
    number = "11",
    doi = "10.1175/1520-0477(1999)080$<$2261:AIUCFI$>$2.0.CO;2",
    pages = "2261--2287",
    year = "1999"
}

@article{loeb_et_al_2009,
    author = "N. G. Loeb and B. A. Wielicki and D. R. Doelling and G. L. Smith
              and D. F. Keyes and S. Kato and N. Manalo-Smith and T. Wong", 
    title = "Toward Optimal Closure of the {E}arth's Top-of-Atmosphere 
             Radiation Budget",
    journal = "J. Climate",
    volume = "22",
    number = "3",
    doi = "10.1175/2008JCLI2637.1",
    pages = "748--766",
    year = "2009" 
}

@article{pincus_et_al_2011,
    author = "R. Pincus and S. Platnick and S. A. Ackerman and R. S. Hemler 
              and R. J. P. Hofmann",
    title = "Reconciling simulated and observed views of clouds: 
             {MODIS} and {ISCCP} and and the limits of instrument simulators", 
    journal = "J. Climate", 
    year = "2011",
    note = "Submitted"
}

@article{neale_et_al_2008,
    author = "R. B. Neale and J. H. Richter and M. Jochum",
    title = "The impact of convection on {ENSO}: From a delayed oscillator to
             a series of events",
    journal = "J. Climate",
    volume = "21",
    number = "22",
    doi = "10.1175/2008JCLI2244.1",
    year = "2008",
    pages = "5904--5924"
}

@article{vavrus_and_waliser_2008,
    author = "S. Vavrus and D. Waliser",
    title = "An improved parameterization for simulating 
             Arctic cloud amount in the {CCSM3} climate model",
    journal = "J. Climate",
    volume = "21",
    number = "21",
    doi = "10.1175/2008JCLI2299.1",
    year = "2008",
    pages = "5673--5687"
}

@article{richter_and_rasch_2008,
    author = "J. H. Richter and P. J. Rasch",
    title = "Effects of convective momentum transport
             on the atmospheric circulation 
             in the {C}ommunity {A}tmosphere {M}odel, Version 3",
    journal = "J. Climate",
    volume = "21",
    number = "7",
    doi = "10.1175/2007JCLI1789.1",
    year = "2008",
    pages = "1487--1499"
}

@article{rasch_and_kristjansson_1998,
    author = "P. J. Rasch and J. E. Kristj\'{a}nsson",
    title = "A comparison of the {CCM3} model climate using diagnosed
              and predicted condensate parameterizations",
    journal = "J. Climate",
    volume = "11",
    number = "7",
    year = "1998",
    pages = "1587--1614",
    doi = "10.1175/1520-0442(1998)011$<$1587:ACOTCM$>$2.0.CO;2"
}

@article{trenberth_and_fasullo_2010,
    author = "K. E. Trenberth and J. T. Fasullo",
    title = "Simulation of Present-Day and Twenty-First Century
             Energy Budgets of the Southern Ocean",
    journal = "J. Climate",
    volume = "23",
    number = "2",
    doi = "10.1175/2009JCLI3152.1",
    year = "2010",
    pages = "440--454"
}

@article{medeiros_et_al_2008,
    author = "Brian Medeiros and Bjorn Stevens
              and Isaac M. Held and Ming Zhao
              and David L. Williamson and Jerry G. Olson
              and Christopher S. Bretherton",
    title = "Aquaplanets, Climate Sensitivity, and Low Clouds",
    journal = "J. Climate",
    volume = "21",
    number = "19",
    doi = "10.1175/2008JCLI1995.1",
    year = "2008",
    pages = "4974--4991"
}

@article{medeiros_and_stevens_2009,
    author = "Brian Medeiros and Bjorn Stevens",
    title = "Revealing differences in {GCM} representations of low clouds",
    journal = "Clim. Dyn.",
    volume = "36",
    number = "1--2",
    year = "2009",
    doi = "10.1007/s00382-009-0694-5",
    pages = "385--399"
}

@article{medeiros_et_al_2011,
    author = "Brian Medeiros and David L. Williamson and C{\'{e}}cile Hannay
              and Jerry G. Olson",
    title = "Southeast {P}acific stratocumulus in the 
             {C}ommunity {A}tmosphere {M}odel",
    year = "2011",
    note = "In prep"
}

@article{norris_and_weaver_2001,
    author = "J. R. Norris and C. P. Weaver",
    title = "Improved techniques for evaluating {GCM} cloudiness
             applied to the {NCAR} {CCM3}",
    journal = "J. Climate",
    volume = "14",
    number = "12",
    doi = "10.1175/1520-0442(2001)014$<$2540:ITFEGC$>$2.0.CO;2",
    year = "2001",
    pages = "2540--2550"
}

@article{lin_and_zhang_2004,
    author = "W. Y. Lin and M. H. Zhang",
    title = "Evaluation of Clouds and Their Radiative Effects
             Simulated by the {NCAR} {C}ommunity {A}tmospheric {M}odel
             Against Satellite Observations",
    journal = "J. Climate",
    volume = "17",
    number = "17",
    doi = "10.1175/1520-0442(2004)017$<$3302:EOCATR$>$2.0.CO;2",
    pages = "3302--3318",
    year = "2004"
}

@article{zhang_et_al_2003,
    author = "M. Zhang and W. Lin and C. S. Bretherton and J. J. Hack 
              and P. J. Rasch",
    title = "A modified formulation of fractional stratiform condensation rate
              in the {NCAR} {C}ommunity {A}tmospheric {M}odel {CAM2}",
    journal = "J. Geophys. Res.",
    volume = "108",
    number = "D1",
    doi = "10.1029/2002JD002523",
    year = "2003"
}

@article{zhang_et_al_2005,
    author = "M.H. Zhang and W. Y. Lin and S. A. Klein and J. T. Bacmeister
              and S. Bony and R. T. Cederwall and A. D. Del Genio 
              and J. J. Hack and N. G. Loeb and U. Lohmann and P. Minnis
              and I. Musat and R. Pincus and P. Stier and M. J. Suarez
              and M. J. Webb and J. B. Wu and S. C. Xie and M.-S. Yao
              and J. H. Zhang", 
    title = "Comparing clouds and their seasonal variations in 10 
             atmospheric general circulation models 
             with satellite measurements",
    journal = "J. Geophys. Res.",
    volume = "110",
    number = "D15",
    doi = "10.1029/2004JD005021",
    year = "2005"
}

@article{slingo_1989,
    author = "A. Slingo",
    title = "A {GCM} parameterization for the shortwave radiative properties
             of water clouds",
    journal = "J. Atmos. Sci.",
    volume = "46",
    number = "10",
    doi = "10.1175/1520-0469(1989)046$<$1419:AGPFTS$>$2.0.CO;2",
    year = "1989",
    pages = "1419--1427"
}

@article{schmidt_et_al_2006,
    author = "Gavin A. Schmidt and Reto Ruedy and James E. Hansen 
              and Igor Aleinov and Nadine Bell and Mike Bauer
              and Susanne Bauer and Brian Cairns and Vittorio Canuto 
              and Ye Cheng and Anthony Del Genio and Greg Faluvegi 
              and Andrew D. Friend and Tim M. Hall and Yongyun Hu 
              and Max Kelley and Nancy Y. Kiang and Dorothy Koch 
              and Andy A. Lacis and Jean Lerner and Ken K. Lo 
              and Ron L. Miller and Larissa Nazarenko and Valdar Oinas 
              and Jan Perlwitz and Judith Perlwitz and David Rind 
              and Anastasia Romanou and Gary L. Russell and Makiko Sato 
              and Drew t. Shindell and Peter H. Stone and Shan Sun 
              and Nick Tausnev and Duane Thresher and Mao-Sung Yao",
    title = "Present-Day Atmospheric Simulations Using {GISS} {M}odel{E}:
             Comparison to In Situ, Satellite, and Reanalysis Data",
    journal = "J. Climate",
    volume = "19",
    number = "2",
    doi = "10.1175/JCLI3612.1",
    year = "2006",
    pages = "153--192"
}

@article{cole_et_al_2011,
    author = "J. Cole and H. W. Barker and N. G. Loeb and K. von Salzen",
    title = "Assessing simulated clouds and radiative fluxes using properties
             of clouds whose tops are exposed to space",
    journal = "J. Climate",
    volume = "24",
    number = "11",
    doi = "10.1175/2011JCLI3652.1",
    pages = "2715--2727",
    year = "2011"
}

@article{bony_et_al_2004,
    author = "S. Bony and J.-L. Dufresne and H. Le Treut and J.-J. Morcrette
              and C. Senior",
    title = "On dynamic and thermodynamic components of cloud changes",
    journal = "Clim. Dyn.",
    volume = "22",
    number = "2--3",
    year = "2004",
    doi = "10.1007/s00382-003-0369-6",
    pages = "71--86"
}

@article{bony_and_dufresne_2005,
    author = "Sandrine Bony and Jean-Louis Dufresne",
    title = "Marine boundary layer clouds
             at the heart of tropical cloud feedback uncertainties
             in climate models",
    journal = "Geophys. Res. Lett.",
    year = "2005",
    volume = "32",
    number = "20",
    doi = "10.1029/2005GL023851"
}

@article{bony_et_al_2006,
    author = "Sandrine Bony and Robert Colman and Vladimir M. Kattsov and
              Richard P. Allan and Christopher S. Bretherton and
              Jean-Louis Dufresne and Alex Hall and Stephane Hallegatte and
              Marika M. Holland and William Ingram and David A. Randall and
              Brian J. Soden and George Tselioudis and Mark J. Webb",
    title = "How Well Do We Understand and Evaluate 
             Climate Change Feedback Processes?",
    journal = "J. Climate",
    year = "2006",
    volume = "19",
    number = "15",
    doi = "10.1175/JCLI3819.1",
    pages = "3445--3482"
}


@article{bony_et_al_2011,
    author = "S. Bony and M. Webb and C. Bretherton and S. A. Klein
              and P. Seibesma and G. Tselioudis and M. Zhang",
    title = "{CFMIP}: Towards a better evaluation and understanding of clouds
              and cloud feedbacks in {CMIP5} models",
    journal = "CLIVAR/EXCHANGES Newsletter",
    year = "2011",
    note = "in press"
}

@article{webb_et_al_2001,
    author = "M. Webb and C. Senior and S. Bony and J.-J. Morcrette",
    title = "Combining {ERBE} and {ISCCP} data to assess clouds in the
              {H}adley {C}entre, {ECMWF} and {LMD} atmospheric climate models",
    journal = "Clim. Dyn.",
    volume = "17",
    number = "12",
    doi = "10.1007/s003820100157",
    year = "2001",
    pages = "905--922"
}

@article{hannay_et_al_2009,
    author = "C{\'{e}}cile Hannay and David L. Williamson and James J. Hack
              and Jeffrey T. Kiehl and Jerry G. Olson and Stephen A. Klein
              and Christopher S. Bretherton and Martin K{\"{o}}hler",
    title = "Evaluation of Forecasted Southeast {P}acific Stratocumulus
              in the {NCAR}, {GFDL}, and {ECMWF} Models",
    journal = "J. Climate",
    volume = "22",
    number = "11",
    doi = "10.1175/2008JCLI2479.1",
    year = "2009",
    pages = "2871--2889"
}

@article{stubenrauch_et_al_2009,
    author = "Claudia Stubenrauch and Stefan Kinne 
              and {the GEWEX Cloud Assessment Team}",
    title = "Assessment of global cloud climatologies",
    journal = "{GEWEX} Newsletter",
    volume = "19",
    number = "1",
    year = "2009",
    pages = "6--7"
}

@article{diner_et_al_1998,
    author = "David J. Diner and Jewel C. Beckert and Terrence H. Reilly 
              and Carol J. Bruegge and James E. Conel and Ralph A. Kahn
              and John V. Martonchik and Thomas P. Ackerman and Roger Davies 
              and Siegfried A. W. Gerstl and Howard R. Gordon 
              and Jan-Peter Muller and Ranga B. Myneni and Piers J. Sellers 
              and Bernard Pinty and and Michel M. Verstraete",
    title = "{M}ulti-angle {I}maging {S}pectro{R}adiometer ({MISR})
              Instrument Description and Experiment Overview",
    journal = "{IEEE} Trans. Geosci. Remote Sens.",
    volume = "36",
    number = "4",
    doi = "10.1109/36.700992",
    year = "1998",
    pages = "1072--1087"
}

@article{diner_et_al_2005,
    author = "David J. Diner and Bobby H. Braswell and Roger Davies 
              and Nadine Gobron and Jiannan Hu and Yufang Jin 
              and Ralph A. Kahn and Yuri Knyazikhin and Norman Loeb 
              and Jan-Peter Muller and Anne W. Nolin and Bernard Pinty 
              and Crystal B. Schaaf and Gabriela Seiz and Julienne Stroeve",
    title = "The value of multiangle measurements for retrieving 
              structurally and radiatively consistent properties of clouds, 
              aerosols, and surfaces",
    journal = "Remote Sens. Environ.",
    volume = "97",
    number = "4",
    doi = "10.1016/j.rse.2005.06.006",
    year = "2005",
    pages = "495--518"
}

@article{diner_et_al_2002,
    author = "David J. Diner and Jewel C. Beckert and Graham W. Bothwell 
              and Jos{\'{e}} I. Rodriguez",
    title = "Performance of the {MISR} Instrument During 
              Its First 20 Months in {E}arth Orbit",
    journal = "IEEE Trans. Geosci. Remote Sens.",
    volume = "40",
    number = "7",
    year = "2002",
    doi = "10.1109/TGRS.2002.801584",
    pages = "1449--1466"
}

@article{king_et_al_2003,
    author = "Michael D. King and W. Paul Menzel and Yoram J. Kaufman 
              and Didier Tanr{\'{e}} and Bo-Cai Gao and Steven Platnick
              and Steven A. Ackerman and Lorraine A. Remer 
              and Robert Pincus and and Paul A. Hubanks",
    title = "Cloud and Aerosol Properties, Precipitable Water,
              and Profiles of Temperature and Water Vapor from {MODIS}",
    journal = "IEEE Trans. Geosci. Remote Sens.",
    volume = "41",
    number = "2",
    year = "2003",
    doi = "10.1109/TGRS.2002.808226",
    pages = "442-458"
}

@article{moroney_et_al_2002,
    author = "Catherine Moroney and Roger Davies and Jan-Peter Muller",
    title = "Operational Retrieval of Cloud-Top Heights Using {MISR} Data",
    journal = "IEEE Trans. Geosci. Remote Sens.",
    volume = "40",
    number = "7",
    doi = "10.1109/TGRS.2002.801150",
    year = "2002",
    pages = "1532--1540"
}

@article{muller_et_al_2002,
    author = "Jan-Peter Muller and Athula Mandanayake 
              and Catherine Moroney and Roger Davies 
              and David J. Diner and Susan Paradise",
    title = "{MISR} Stereoscopic Image Matchers: Techniques and Results",
    journal = "IEEE Trans. Geosci. Remote Sens.",
    volume = "40",
    number = "7",
    doi = "10.1109/TGRS.2002.801160",
    year = "2002",
    pages = "1547--1559"
}

@article{taylor_2001,
    author = "Karl E. Taylor",
    title = "Summarizing multiple aspects of model performance in a single diagram",
    journal = "J. Geophys. Res.",
    volume = "106",
    number = "D7",
    year = "2001",
    doi = "10.1029/2000JD900719",
    pages = "7183--7192"
}

@article{gleckler_et_al_2008,
    author = "P. J. Gleckler and K. E. Taylor and C. Doutriaux",
    title = "Performance metrics for climate models",
    journal = "J. Geophys. Res.",
    volume = "113",
    number = "D6",
    doi = "10.1029/2007JD008972",
    year = "2008"
}

@article{pincus_et_al_2008,
    author = "Robert Pincus and Crispian P. Batstone 
              and Robert J. Patrick Hofmann and Karl E. Taylor 
              and Peter J. Gleckler ",
    title = "Evaluating the present-day simulation of clouds, precipitation,
              and radiation in climate models",
    journal = "J. Geophys. Res.",
    volume = "113",
    number = "D14",
    doi = "10.1029/2007JD009334",
    year = "2008"
}

@article{ramanathan_et_al_1989,
    author = "V. Ramanathan and R. D. Cess and E. F. Harrison and P. Minnis 
              and B. R. Barkstrom and E. Ahmad and D. Hartmann",
    title = "Cloud-Radiative Forcing and Climate: Results from the
              {E}arth {R}adiation {B}udget {E}xperiment",
    journal = "Science",
    volume = "243",
    number = "4887",
    doi = "10.1126/science.243.4887.57",
    pages = "57--63",
    year = "1989"
}

@article{dhuria_and_kyle_1990,
    author = "Harbans L. Dhuria and H. Lee Kyle",
    title = "Cloud Types and the Tropical {E}arth Radiation Budget",
    journal = "J. Climate",
    volume = "3",
    number = "12",
    doi = "10.1175/1520-0442(1990)003$<$1409:CTATTE$>$2.0.CO;2",
    year = "1990",
    pages = "1409--1434"
}

@article{hartmann_and_michelsen_1993,
    author = "Dennis L. Hartmann and Marc L. Michelsen",
    title = "Large-Scale Effects on the Regulation of Tropical Sea Surface Temperature",
    journal = "J. Climate",
    volume = "6",
    number = "11",
    doi = "10.1175/1520-0442(1993)006$<$2049:LSEOTR$>$2.0.CO;2",
    year = "1993",
    pages = "2049--2062"
}

@article{hartmann_and_michelsen_2002,
    author = "Dennis L. Hartmann and Marc. L. Michelsen",
    title = "No evidence for iris",
    year = "2002",
    journal = "Bull. Amer. Meteor. Soc",
    volume = "83",
    number = "2",
    doi = "10.1175/1520-0477(2002)083$<$0249:NEFI$>$2.3.CO;2",
    pages = "249--254"
}

@article{lin_et_al_2002,
    author = "Bing Lin and Bruce A. Wielicki and Lin H. Chambers and Yongxiang Hu
              and Kuan-Man Xu",
    title = "The Iris Hypothesis: A Negative or Positive Cloud Feedback?",
    year = "2002",
    journal = "J. Climate",
    volume = "15",
    number = "1",
    doi = "10.1175/1520-0442(2002)015$<$0003:TIHANO$>$2.0.CO;2",
    pages = "3--7"
}

@article{lin_et_al_2004,
    author = "Bing Lin and Takmeng Wong and Bruce A. Wielicki and Yongxiang Hu",
    title = "Examination of the Decadal Tropical Mean {ERBS} 
              Nonscanner Radiation Data for the Iris Hypothesis",
    year = "2004",
    journal = "J. Climate",
    volume = "17",
    number = "6",
    doi = "10.1175/1520-0442(2004)017$<$1239:EOTDTM$>$2.0.CO;2",
    pages = "1239--1246"
}

@article{hartmann_and_larson_2002,
    author = "Dennis L. Hartmann and Kristen Larson",
    title = "An important constraint on tropical cloud - climate feedback",
    journal = "Geophys. Res. Lett.",
    year = "2002",
    volume = "29",
    number = "20",
    doi = "10.1029/2002GL015835"
}

@article{zelinka_and_hartmann_2010,
    author = "Mark D. Zelinka and Dennis L. Hartmann",
    title = "Why is the longwave cloud feedback positive?",
    journal = "J. Geophys. Res.",
    volume = "115",
    year = "2010",
    doi = "10.1029/2010JD013817"
}

@article{bretherton_et_al_2010,
    author = "C. S. Bretherton and R. Wood and R. C. George and D. Leon
              and G. Allen and X. Zheng",
    title = "Southeast {P}acific stratocumulus clouds, precipitation and
              boundary layer structure sampled along $20^{\circ}$ {S} during {VOCALS-REx}",
    journal = "Atmos. Chem. Phys. Discuss.",
    volume = "10",
    number = "21",
    year = "2010",
    doi = "10.5194/acpd-10-15921-2010",
    pages = "15921--15962"
}

@article{wyant_et_al_2010,
    author = "M. C. Wyant and R. Wood and C. S. Bretherton and C. R. Mechoso 
              and J. Bacmeister and M. A. Balmaseda and B. Barrett
              and F. Codron and P. Earnshaw and J. Fast and C. Hannay
              and J. W. Kaiser and H. Kitagawa and S. A. Klein
              and M. K{\"{o}}hler and J. Manganello and H.-L. Pan
              and F. Sun and S. Wang and Y. Wang",
    title = "The PreVOCA experiment: modeling the lower troposphere in the
              Southeast {P}acific",
    journal = "Atmos. Chem. Phys.",
    volume = "10",
    number = "10",
    year = "2010",
    doi = "10.5194/acp-10-4757-2010",
    pages = "4757--4774"
}

@article{teixeira_et_al_2011,
    author = "J. Teixeira and S. Cardoso and M. Bonazzola and J. Cole 
              and A. DelGenio and C. DeMott and C. Franklin and C. Hannay 
              and C. Jakob and Y. Jiao and J. Karlsson and H. Kitagawa 
              and M. K{\"{o}}hler and A. Kuwano-Yoshida and C. Ledrian 
              and J. Li  and A. Lock and M.J. Miller and P. Marquet 
              and J. Martins and C. R. Mechoso and E. V. Meijgaard 
              and I. Meinke and P. M. A. Miranda and D. Mironov and R. Neggers 
              and H. L. Pan and D. A. Randall and P. J. Rasch and B. Rockel 
              and W. B. Rossow and B. Ritter and A. P. Siebesma 
              and P. M. M. Soares and F. J. Turk and P. A. Vaillancourt 
              and A. Von Engeln and M. Zhao",
    title = "Tropical and sub-tropical cloud transitions in weather and
              climate prediction models: the {GCSS}/{WGNE} 
              {P}acific {C}ross-section {I}ntercomparison ({GPCI})",
    journal = "J. Climate",
    volume = "24",
    number = "20",
    doi = "10.1175/2011JCLI3672.1",
    year = "2011",
    pages = "5223--5256"
}

@article{hollars_et_al_2004,
    author = "Shawn Hollars and Qiang Fu 
              and Jennifer Comstock and Thomas Ackerman",
    title = "Comparison of cloud-top height retrievals from
              ground-based 35 {GHz} {MMCR} and {GMS}-5 satellite
              observations at {ARM} {TWP} {M}anus site",
    journal = "Atmospheric Research",
    volume = "72",
    number = "1--4",
    doi = "10.1016/j.atmosres.2004.03.015",
    year = "2004",
    pages = "169--186"
}

@article{johnson_et_al_1999,
    author = "Richard H. Johnson and Thomas M. Rickenbach and Steven A. Rutledge
              and Paul E. Ciesielski and Wayne H. Schubert",
    title = "Trimodal Characteristics of Tropical Convection",
    journal = "J. Climate",
    volume = "12",
    number = "8",
    doi = "10.1175/1520-0442(1999)012$<$2397:TCOTC$>$2.0.CO;2",
    year = "1999",
    pages = "2397--2418"
}

@article{duynkerke_and_teixeira_2001,
    author = "Peter G. Duynkerke and Jo{\~{a}}o Teixeira",
    title = "Comparison of the {ECMWF} Reanalysis with {FIRE} {I} Observations:
              Diurnal Variation of Marine Stratocumulus",
    journal = "J. Climate",
    year = "2001",
    volume = "14",
    number = "7",
    doi = "10.1175/1520-0442(2001)014$<$1466:COTERW$>$2.0.CO;2",
    pages = "1466--1478"
}

@article{siebesma_et_al_2004,
    author = "A. P. Siebesma and C. Jakob and G. Lenderink and R. A. J. Neggers 
              and J. Teixeira and E. Van Meijgaard and J. Calvo and A. Chlond 
              and H. Grenier and C. Jones and M. K{\"{o}}hler and H. Kitagawa 
              and P. Marquet and A. P. Lock and F. Muller and D. Olmeda 
              and C. Severijns",
    title = "Cloud representation in general-circulation models over the 
              northern {P}acific {O}cean: A {EUROCS} intercomparison study",
    journal = "Q. J. R. Meteorol. Soc.",
    year = "2004",
    volume = "130",
    number = "604",
    pages = "3245--3267",
    doi = "10.1256/qj.03.146"
}

@article{stevens_et_al_2007,
    author = "Bjorn Stevens and Anton Beljaars and Simona Bordoni 
              and Christopher Holloway and Martin K{\"{o}}hler 
              and Steven Krueger and Verica Savic-Jovcic and Yunyan Zhang",
    title = "On the Structure of the Lower Troposphere in the Summertime 
              Stratocumulus Regime of the Northeast {P}acific",
    journal = "Mon. Wea. Rev.",
    year = "2007",
    volume = "135",
    number = "3",
    pages = "985--1005",
    doi = "10.1175/MWR3427.1"
}

@article{bretherton_et_al_2004,
    author = "Christopher S. Bretherton and Taneil Uttal 
              and Christopher W. Fairall and Sandra E. Yuter 
              and Robert A. Weller and Darrel Baumgardner 
              and Kimberly Comstock and Robert Wood and Graciela B. Raga",
    title = "The {EPIC} 2001 Stratocumulus Study",
    journal = "Bull. Amer. Meteor. Soc.",
    year = "2004",
    volume = "85",
    number = "7",
    pages = "967--977",
    doi = "10.1175/BAMS-85-7-967"
}

@article{harrison_et_al_1990,
    author = "E. F. Harrison and P. Minnis and B. R. Barkstrom and V. Ramanathan
              and R. D. Cess and G. G. Gibson",
    title = "Seasonal Variation of Cloud Radiative Forcing Derived From the 
              {E}arth {R}adiation {B}udget {E}xperiment",
    year = "1990",
    journal = "J. Geophys. Res.",
    volume = "95",
    number = "D11",
    doi = "10.1029/JD095iD11p18687"
}

@article{weare_2004,
    author = "B. C. Weare",
    title = "A comparison of {AMIP} {II} model cloud layer properties 
              with {ISCCP} {D2} estimates",
    journal = "Clim. Dyn.",
    year = "2004",
    volume = "22",
    number = "2--3",
    pages = "281--292",
    doi = "10.1007/s00382-003-0374-9"
}

@article{meehl_et_al_2007,
    author = "Gerald A. Meehl and Curt Covey and Thomas Delworth and Mojib Latif
              and Bryant McAvaney and John F. B. Mitchell 
              and Ronald J. Stouffer and Karl E. Taylor",
    title = "The {WCRP} {CMIP3} Multimodel Dataset: 
              A New Era in Climate Change Research",
    journal = "Bull. Amer. Meteor. Soc.",
    year = "2007",
    volume = "88",
    number = "9",
    pages = "1383--1394",
    doi = "10.1175/BAMS-88-9-1383"
}

@article{cess_et_al_1989,
    author = "R. D. Cess and G. L. Potter and J. P. Blanchet and G. J. Boer 
              and S. J. Ghan and J. T. Kiehl and H. Le Treut and Z.-X. Li 
              and X.-Z. Liang and J. F. B. Mitchell and J.-J. Morcrette 
              and D. A. Randall and M. R. Riches and E. Roeckner and U. Schlese 
              and A. Slingo and K. E. Taylor and W. M. Washington 
              and R. T. Wetherald and I. Yagai",
    title = "Interpretation of Cloud-Climate Feedback as Produced by 
              14 Atmospheric General Circulation Models",
    journal = "Science",
    year = "1989",
    volume = "245",
    number = "4917",
    doi = "10.1126/science.245.4917.513",
    pages = "513--516"
}

@article{cess_et_al_1996,
    author = "R. D. Cess and M. H. Zhang and W. J. Ingram and G. L. Potter
              and V. Alekseev and H. W. Barker and E. Cohen-Solal
              and R. A. Colman and D. A. Dazlich and A. D. Del Genio
              and M. R. Dix and V. Dymnikov and M. Esch and L. D. Fowler
              and J. R. Fraser and V. Galin and W. L. Gates and J. J. Hack
              and J. T. Kiehl and H. Le Treut and K. K.-W. Lo and B. J. McAvaney
              and V. P. Meleshko and J.-J. Morcrette and D. A. Randall
              and E. Roeckner and J.-F. Royer and M. E. Schlesinger
              and P. V. Sporyshev and B. Timbal and E. M. Volodin
              and K. E. Taylor and W. Wang and R. T. Wetherald",
    title = "Cloud feedback in atmospheric general circulation models: 
              An update",
    journal = "J. Geophys. Res.",
    year = "1996",
    volume = "101",
    number = "D8",
    doi = "10.1029/96JD00822"
}

@article{hanson_2007,
    author = "Howard P. Hanson",
    title = "Marine stratocumulus climatologies",
    year = "1991",
    journal = "Internation Journal of Climatology",
    volume = "11",
    number = "2",
    pages = "147--164",
    doi = "10.1002/joc.3370110204"
}

@article{randall_et_al_1984,
    author = "D. A. Randall and J. A. Coakley Jr. and D. H. Lenschow
              and C. W. Fairall and R. A. Kropfli",
    title = "Outlook for Research on Subtropical Marine Stratiform Clouds",
    journal = "Bull. Amer. Meteor. Soc.",
    year = "1984",
    volume = "65",
    number = "12",
    pages = "1290--1301",
    doi = "10.1175/1520-0477"
}

@article{ringer_et_al_2006,
    author = "M. A. Ringer and B. J. McAvaney and N. Andronova and L. E. Buja 
              and M. Esch and W. J. Ingram and B. Li and J. Quaas and E. Roeckner 
              and C. A. Senior and B. J. Soden and E. M. Volodin and M. J. Webb 
              and K. D. Williams",
    title = "Global mean cloud feedbacks 
              in idealized climate change experiments",
    journal = "Geophys. Res. Lett.",
    volume = "33",
    number = "7",
    year = "2006",
    doi = "10.1029/2005GL025370"
}

@article{soden_et_al_2004,
    author = "Brian J. Soden and Anthony J. Broccoli and Richard S. Hemler",
    title = "On the use of cloud forcing to estimate cloud feedback",
    journal = "J. Climate",
    volume = "17",
    number = "19",
    year = "2004",
    doi = "10.1175/1520-0442(2004)017$<$3661:OTUOCF$>$2.0.CO;2",
    pages = "3661--3665"
}

@article{lindzen_et_al_2001,
    author = "Richard S. Lindzen and Ming-Dah Chou and and Arthur Y. Hou",
    title = "Does the {E}arth Have an Adaptive Infrared Iris?",
    journal = "Bull. Amer. Meteor. Soc.",
    year = "2001",
    volume = "82",
    number = "3",
    doi = "10.1175/1520-0477(2001)082$<$0417:DTEHAA$>$2.3.CO;2",
    pages = "417--432"
}

@article{chambers_et_al_2002,
    author = "Lin H. Chambers and Bing Lin and David F. Young",
    title = "Examination of New {CERES} Data for Evidence of 
              Tropical Iris Feedback",
    journal = "J. Climate",
    year = "2002",
    volume = "15",
    number = "24",
    doi = "10.1175/1520-0442(2002)015$<$3719:EONCDF$>$2.0.CO;2",
    pages = "3719--3726"
}

@article{del_genio_and_kovari_2002,
    author = "Anthony D. Del Genio and William Kovari",
    title = "Climatic Properties of Tropical Precipitating Convection under
              Varying Environmental Conditions",
    journal = "J. Climate",
    year = "2002",
    volume = "15",
    number = "18",
    doi = "10.1175/1520-0442(2002)015$<$2597:CPOTPC$>$2.0.CO;2",
    pages = "2597--2615"
}

@article{fu_et_al_2002,
    author = "Q. Fu and M. Baker and D. L. Hartmann",
    title = "Tropical cirrus and water vapor: an effective {E}arth 
              infrared iris feedback?",
    journal = "Atmos. Chem. Phys.",
    year = "2002",
    volume = "2",
    pages = "31--37"
}

@article{harrison_2002,
    author = "Halstead Harrison",
    title = "Comments on {"D}oes the {E}arth Have an Adaptive Infrared Iris?{"}",
    year = "2002",
    journal = "Bull. Amer. Meteor. Soc.",
    volume = "83",
    number = "4",
    doi = "10.1175/1520-0477(2002)083$<$0597:CODTEH$>$2.3.CO;2",
    pages = "597"
}

@article{tselioudis_and_rossow_1994,
    author = "George Tselioudis and William B. Rossow",
    title = "Global, multiyear variations of optical thickness with 
              temperature in low and cirrus clouds",
    journal = "Geophys. Res. Lett.",
    volume = "21", 
    number = "20", 
    year = "1994",
    pages = "2211--2214", 
    doi = "10.1029/94GL02004"
}

@article{greenwald_et_al_1995,
    author = "Thomas J. Greenwald and Graeme L. Stephens 
              and Sundar A. Christopher and Thomas H. Vonder Haar",
    title = "Observations of the Global Characteristics and Regional Radiative
              Effects of Marine Cloud Liquid Water",
    journal = "J. Climate",
    year = "1995",
    volume = "8",
    number = "12",
    doi = "10.1175/1520-0442(1995)008$<$2928:OOTGCA$>$2.0.CO;2",
    pages = "2928--2946"
}

@article{bony_et_al_1997,
    author = "S. Bony and K.-M. Lau and Y. C. Sud",
    title = "Sea Surface Temperature and Large-Scale Circulation Influences on 
              Tropical Greenhouse Effect and Cloud Radiative Forcing",
    year = "1997",
    journal = "J. Climate",
    volume = "10",
    number = "8",
    doi = "10.1175/1520-0442(1997)010$<$2055:SSTALS$>$2.0.CO;2",
    pages = "2055--2077"
}

@article{del_genio_and_wolf_2000,
    author = "Anthony D. Del Genio and Audrey B. Wolf",
    title = "The Temperature Dependence of the Liquid Water Path of 
              Low Clouds in the Southern Great Plains",
    year = "2000",
    journal = "J. Climate",
    volume = "13",
    number = "19",
    doi = "10.1175/1520-0442(2000)013$<$3465:TTDOTL$>$2.0.CO;2",
    pages = "3465--3486"
}

@article{mitchell_et_al_1987,
    author = "J. F. B. Mitchell and C. A. Wilson and W. M. Cunnington",
    title = "On $\text{CO}_2$ climate sensitivity 
              and model dependence of results",
    journal = "Q. J. R. Meteorol. Soc.",
    year = "1987",
    volume = "113",
    number = "475",
    doi = "10.1256/smsqj.47516",
    pages = "293--322"
}

@article{senior_and_mitchell_1993,
    author = "C. A. Senior and J. F. B. Mitchell",
    title = "Carbon Dioxide and Climate: The Impact of Cloud Parameterization",
    year = "1993",
    journal = "J. Climate",
    volume = "6",
    number = "3",
    doi = "10.1175/1520-0442(1993)006$<$0393:CDACTI$>$2.0.CO;2",
    pages = "393--418"
}

@article{le_treut_et_al_1994,
    author = "H. {Le Treut} and Z.-X. Li and M Forichon",
    title = "Sensitivity of the {LMD} general circulation model 
              to greenhouse forcing associated with two different 
              cloud water parametrizations",
    journal = "J. Climate",
    year = "1994",
    volume = "7",
    number = "12",
    pages = "1827--1841"
}

@article{fowler_and_randall_1994,
    author = "Laura D. Fowler and David A. Randall",
    title = "A global radiative-convective feedback",
    journal = "Geophys. Res. Lett.",
    year = "1994",
    volume = "21",
    number = "18",
    doi = "10.1029/94GL01711",
    pages = "2035--2038"
}

@article{ma_et_al_1994,
    author = "Chung-Chun Ma and Carlos R. Mechoso and Akio Arakawa 
              and John D. Farrara",
    title = "Sensitivity of a Coupled Ocean-Atmosphere Model to Physical
              Parameterizations",
    journal = "J. Climate",
    year = "1994",
    volume = "7",
    number = "12",
    doi = "10.1175/1520-0442(1994)007$<$1883:SOACOM$>$2.0.CO;2",
    pages = "1883--1896"
}

@article{liang_and_wang_1997,
    author = "Xin-Zhong Liang and Wei-Chyung Wang",
    title = "Cloud overlap effects on general circulation model climate 
              simulations",
    journal = "J. Geophys. Res.",
    year = "1997",
    volume = "102",
    number = "D10",
    pages = "11039--11047",
    doi = "doi:10.1029/97JD00630"
}

@article{yao_and_del_genio_2002,
    author = "Mao-Sung Yao and Anthony D. Del Genio",
    title = "Effects of cloud parameterization on the simulation 
              of climate changes in the {GISS} {GCM}. 
              Part {II}: Sea surface temperature and cloud feedbacks",
    journal = "J. Climate",
    year = "2002",
    volume = "15",
    number = "17",
    doi = "10.1175/1520-0442(2002)015$<$2491:EOCPOT$>$2.0.CO;2",
    pages = "2491--2503"
}

@incollection{zhang_2004,
    author = "Minghua Zhang",
    title = "Cloud-climate feedback: how much do we know?",
    booktitle = "Observation, Theory, and Modeling of Atmospheric Variability, 
              World Scientific Series on Meteorology of East Asia",
    publisher = "World Scientific Publishing Co.",
    address = "Singapore", 
    year = "2004",
    volume = "3"
}

@article{stainforth_et_al_2005,
    author = "D. A. Stainforth and T. Aina and C. Christensen and M. Collins 
              and N. Faull and D. J. Frame and J. A. Kettleborough and S. Knight 
              and A. Martin and J. M. Murphy and C. Piani and D. Sexton 
              and L. A. Smith and R. A. Spicer and A. J. Thorpe and M. R. Allen",
    title = "Uncertainty in predictions of the climate response to rising levels
              of greenhouse gases",
    journal = "Nature",
    year = "2005",
    volume = "433",
    number = "7024",
    doi = "10.1038/nature03301",
    pages = "403--406"
}

@article{yokohata_et_al_2005,
    author = "T. Yokohata and S. Emori and T. Nozawa and Y. Tsushima 
              and T. Ogura and M. Kimoto",
    title = "Climate response to volcanic forcing: Validation of climate 
              sensitivity of a coupled atmosphere-ocean general circulation 
              model",
    journal = "Geophys. Res. Lett.",
    year = "2005",
    volume = "32",
    number = "21",
    doi = "10.1029/2005GL023542"
}

@article{kuang_and_hartmann_2007,
    author = "Zhiming Kuang and Dennis L. Hartmann",
    title = "Testing the Fixed Anvil Temperature Hypothesis in a 
              Cloud-Resolving Model",
    journal = "J. Climate",
    volume = "20",
    number = "10",
    doi = "10.1175/JCLI4124.1",
    year = "2007",
    pages = "2051--2057"
}

@article{miller_1997,
    author = "R. L. Miller",
    title = "Tropical Thermostats and Low Cloud Cover",
    journal = "J. Climate",
    year = "1997",
    volume = "10",
    number = "3",
    doi = "10.1175/1520-0442(1997)010$<$0409:TTALCC$>$2.0.CO;2",
    pages = "409--440"
}

@article{taylor_et_al_2011,
    author = "K. E. Taylor and R. J. Stouffer and G. A. Meehl",
    title = "An overview of {CMIP5} and the experiment design",
    journal = "Bull. Amer. Meteor. Soc.",
    note = "submitted",
    year = "2011"
}

@phdthesis{zelinka_thesis,
    author = "Mark D. Zelinka",
    title = "Towards an Improved Understanding of Cloud Feedbacks and Changes
              in Poleward Energy Transport Associated with Global Warming",
    school = "University of Washington",
    year = "2010"
}

@article{baum_and_wielicki_1994,
    author = "Bryan A. Baum and Bruce A. Wielicki",
    title = "Cirrus Cloud Retrieval Using Infrared Sounding Data: 
              Multilevel Cloud Errors",
    year = "1994",
    journal = "J. Appl. Meteorol.",
    volume = "33",
    number = "1",
    pages = "107--117",
    doi = "10.1175/1520-0450(1994)033$<$0107:CCRUIS$>$2.0.CO;2"
}

@article{randall_et_al_2003,
    author = "David Randall and Marat Khairoutdinov and Akio Arakawa
              and Wojciech Grabowski",
    title = "Breaking the Cloud Parameterization Deadlock",
    year = "2003",
    journal = "Bull. Amer. Meteor. Soc.",
    volume = "84",
    number = "11",
    doi = "10.1175/BAMS-84-11-1547",
    pages = "1547--1564"
}

@article{mace_et_al_2010,
    author = "Gerald G. Mace and Stephanie Houser and Sally Benson and
              Stephen A. Klein and Qilong Min",
    title = "Critical Evaluation of the {ISCCP} Simulator Using Ground-Based
              Remote Sensing Data",
    year = "2010",
    journal = "J. Climate",
    volume = "24",
    number = "6",
    pages = "1598--1612",
    doi = "10.1175/2010JCLI3517.1"
}

@article{menzel_et_al_1983,
    author = "W. P. Menzel and W. L. Smith and T. R. Stewart",
    title = "Improved Cloud Motion Wind Vector and Altitude Assignment 
              Using {VAS}",
    year = "1983",
    journal = "J. Clim. Appl. Meteorol.",
    volume = "22",
    pages = "377--384",
    number = "3",
    doi = "10.1175/1520-0450(1983)022$<$0377:ICMWVA$>$2.0.CO;2"
}

@article{collins_2001,
    author = "William D. Collins",
    title = "Parameterization of Generalized Cloud Overlap for Radiative
            Calculations in General Circulation Models",
    journal = "J. Atmos. Sci.",
    volume = "58",
    number = "21",
    pages = "3224--3242",
    year = "2001",
    doi = "10.1175/1520-0469(2001)058$<$3224:POGCOF$>$2.0.CO;2"
}

@article{barker_et_al_1996,
    author = "Howard W. Barker and Bruce A. Wielicki and Lindsay Parker",
    title = "A parameterization for Computing Grid-Averaged Solar Fluxes for
            Inhomogeneous Marine Boundary Layer Clouds. Part {II}: Validation
            Using Satellite Data",
    journal = "J. Atmos. Sci.",
    volume = "53",
    number = "16",
    pages = "2304--2316",
    year = "1996",
    doi = "10.1175/1520-0469(1996)053$<$2304:APFCGA$>$2.0.CO;2"
}
 
@article{barker_et_al_1999,
    author = "Howard W. Barker and Graeme L. Stephens and Qiang Fu",
    title = "The sensitivity of domain-averaged solar fluxes to assumptions
            about cloud geometry",
    journal = "Q. J. R. Meteorol. Soc.",
    year = "1999",
    volume = "125",
    number = "558",
    pages = "2127--2152"
    doi = "10.1256/smsqj.55809"
}

@article{donner_et_al_2011,
    author = "Leo J. Donner and Bruce L. Wyman and Richard S. Hemler 
            and Larry W. Horowitz and Yi Ming and Ming Zhao 
            and Jean-Christophel Golaz and Paul Ginoux and S.-J. Lin 
            and M. Daniel Schwarzkopf and John Austin and Ghassan Alaka
            and William F. Cooke and Thomas L. Delworth
            and Stuart M. Freidenreich and C. T. Gordon and Stephen M. Griffies
            and Isaac M. Held and William J. Hurlin and Stephen A. Klein 
            and Thomas R. Knutson and Amy R. Langenhorst and Hyun-Chul Lee
            and Yanluan Lin and Brian I. Magi and Sergey L. Malyshev
            and P. C. D. Milly and Vaishali Naik and Mary J. Nath 
            and Robert Pincus and Jeffrey J. Ploshay and V. Ramaswamy 
            and Charles J. Seman and Elena Shevliakova and Joseph J. Sirutis 
            and William F. Stern and Ronald J. Stouffer and R. John Wilson 
            and Michael Winton and Andrew T. Wittenberg and Fanrong Zeng",
    title = "The Dynamical Core, Physical Parameterizations, and Basic 
            Simulation Characteristics of the Atmospheric Component {AM3} 
            of the {GFDL} Global Coupled Model {CM3}",
    journal = "J. Climate",
    year = "2011",
    volume = "24",
    number = "13",
    pages = "3484--3519",
    doi = "10.1175/2011JCLI3955.1"
}

@article{davis_et_al_1990,
    author = "Anthony Davis and Philip Gabriel and Shaun Lovejoy
            and Daniel Schertzer and Geoffrey L. Austin",
    title = "Discrete Angle Radiative Transfer 3. Numerical Results and
            Meteorological Applications",
    journal = "J. Geophys. Res.",
    year = "1990",
    volume = "95",
    number = "D8",
    doi = "10.1029/JD095iD08p11729",
    pages = "11,729--11,742"
}

@article{cahalan_et_al_1994,
    author = "Robert F. Cahalan and William Ridgway and Warren J. Wiscombe 
            and Thomas L. Bell and Jack B. Snider",
    title = "The Albedo of Fractal Stratocumulus Clouds",
    journal = "J. Atmos. Sci.",
    year = "1994",
    volume = "51",
    number = "16",
    pages = "2434--2455",
    doi = "10.1175/1520-0469(1994)051$<$2434:TAOFSC$>$2.0.CO;2"
}

@article{cairns_et_al_2000,
    author = "Brian Cairns and Andrew A. Lacis and Barbara E. Carlson",
    title = "Absorption within inhomogeneous clouds and its parameterization 
            in general circulation models",
    year = "2000",
    journal = "J. Atmos. Sci.",
    volume = "57",
    number = "5",
    pages = "700--714",
    doi = "10.1175/1520-0469(2000)057$<$0700:AWICAI$>$2.0.CO;2"
}

@article{barker_1996,
    author = "Howard W. Barker",
    title = "A parameterization for computing grid-averaged solar fluxes
            for inhomogeneous marine boundary layer clouds. Part {I}:
            Methodology and homogeneous biases",
    year = "1996",
    journal = "J. Atmos. Sci.",
    volume = "53",
    number = "16",
    pages = "2289--2303",
    doi = "10.1175/1520-0469(1996)053$<$2289:APFCGA$>$2.0.CO;2"
}
    
@article{pomroy_and_illingworth_2000,
    author = "Hannah R. Pomroy and Anthony J. Illingworth",
    title = "Ice cloud inhomogeneity: Quantifying bias in emissivity from 
            radar observations",
    year = "2000",
    journal = "Geophys. Res. Lett.",
    volume = "27",
    number = "14",
    pages = "2101--2104",
    doi = "10.1029/1999GL011149"
}

@article{shonk_and_hogan_2008,
    author = "Jonathan K. P. Shonk and Robin J. Hogan",
    title = "Tripleclouds: An efficient method for representing horizontal 
            cloud inhomogeneity in {1D} radiation schemes by using three regions 
            at each height",
    year = "2008",
    journal = "J. Climate",
    volume = "21",
    number = "11",
    pages = "2352--2370",
    doi = "10.1175/2007JCLI1940.1"
}

@article{oreopoulos_and_barker_1999,
    author = "Lazaros Oreopoulos and Howard W. Barker",
    title = "Accounting for subgrid-scale cloud variability in a multi-layer 
            {1D} solar radiative transfer algorithm",
    year = "1999",
    journal = "Q. J. R. Meteorol. Soc.",
    volume = "125",
    number = "553",
    pages = "301--330",
    doi = "10.1256/smsqj.55314"
}

@article{yu_et_al_1997,
    author = "Wei Yu and Louis Garand and Ashu P. Dastoor",
    title = "Evaluation of model clouds and radiation at 100 km scale using
            {GOES} data",
    year = "1997",
    journal = "Tellus A",
    volume = "49",
    number = "2",
    pages = "246--262",
    doi = "10.1034/j.1600-0870.1997.t01-1-00006.x"
}

@article{oreopoulos_and_cahalan_2005,
    author = "Lazaros Oreopoulos and Robert F. Cahalan",
    title = "Cloud Inhomogeneity from {MODIS}",
    year = "2005",
    journal = "J. Climate",
    volume = "18",
    number = "23",
    pages = "5110--5124",
    doi = "10.1175/JCLI3591.1"
}

@article{raisanen_and_jarvinen_2010,
    author = "P. R\:{a}is\:{a}nen and H. J\:{a}rvinen",
    title = "Impact of cloud and radiation scheme modifications on climate 
            simulated by the {ECHAM5} atmospheric {GCM}",
    year = "2010",
    journal = "Q. J. R. Meteorol. Soc.",
    volume = "136",
    number = "652",
    pages = "1733--1752",
    doi = "10.1002/qj.674"
}

@article{von_salzen_et_al_2012,
    author = "Knut von Salzen and John Scinocca and Norman McFarlane
            and Jiangnan Li and Jason Cole and David Plummer and Cathy Reader
            and Xiaoyan Ma and Michael Lazare and Larry Solheim",
    title = "The {C}anadian Fourth Generation Atmospheric Global Climate Model
            ({CanAM4}): Simulation of Clouds and Precipitation and Their
            Responses to Short-Term Climate Variability",
    year = "2012",
    journal = "Atmos.-Ocean",
    note = "Submitted"
}

@article{pincus_et_al_2003,
    author = "Robert Pincus and Howard W. Barker and Jean-Jacques Morcrette",
    title = "A fast, flexible, approximate technique for computing radiative
            transfer in inhomogeneous cloud fields",
    year = "2003",
    journal = "J. Geophys. Res.",
    volume = "108",
    number = "D13",
    doi = "10.1029/2002JD003322"
}

@article{golaz_et_al_2002,
    author = "Jean-Christophe Golaz and Vincent E. Larson 
            and William R. Cotton",
    title = "A {PDF}-Based Model for Boundary Layer Clouds. 
            Part {I}: Method and Model Description",
    year = "2002",
    journal = "J. Atmos. Sci.",
    volume = "59",
    number = "24",
    pages = "3540-3551",
    doi = "10.1175/1520-0469(2002)059$<$3540:APBMFB$>$2.0.CO;2"
}

@unpublished{wood_2012,
    author = "Robert Wood",
    journal = "University of Washington",
    year = "2012",
    note = "Private conversation"
}
